
@book{coles_pro_2009,
  address   = {Berkeley, CA},
  series    = {The expert's voice in {SQL} server},
  title     = {Pro full-text search in {SQL} {Server} 2008},
  isbn      = {978-1-4302-1594-3},
  publisher = {Apress},
  author    = {Coles, Michael and Cotter, Hilary},
  year      = {2009},
  keywords  = {Database management, Keyword searching, SQL (Computer program language), SQL server}
}

@book{nystrom_crafting_2021,
  address   = {Daryaganj Delhi},
  title     = {Crafting interpreters},
  isbn      = {978-0-9905829-3-9},
  language  = {eng},
  publisher = {Genever Benning},
  author    = {Nystrom, Robert},
  year      = {2021}
}

@article{hamilton_microsoft_2001,
  title   = {Microsoft {SQL} server full-text search},
  volume  = {24},
  number  = {4},
  journal = {IEEE Data Eng. Bull.},
  author  = {Hamilton, James R. and Nayak, Tapas K.},
  year    = {2001},
  pages   = {7--10}
}

@article{mernik_when_2005,
  title    = {When and how to develop domain-specific languages},
  volume   = {37},
  issn     = {0360-0300, 1557-7341},
  url      = {https://dl.acm.org/doi/10.1145/1118890.1118892},
  doi      = {10.1145/1118890.1118892},
  language = {en},
  number   = {4},
  urldate  = {2022-08-15},
  journal  = {ACM Computing Surveys},
  author   = {Mernik, Marjan and Heering, Jan and Sloane, Anthony M.},
  month    = dec,
  year     = {2005},
  pages    = {316--344}
}

@article{hudak_domain-specific_1997,
  title   = {Domain-specific languages},
  volume  = {3},
  number  = {39-60},
  journal = {Handbook of programming languages},
  author  = {Hudak, Paul},
  year    = {1997},
  pages   = {21}
}

@incollection{ross_origins_1978,
  address   = {New York, NY, USA},
  title     = {Origins of the {APT} language for automatically programmed tools},
  isbn      = {978-0-12-745040-7},
  url       = {http://dl.acm.org/doi/10.1145/800025.1198374},
  language  = {en},
  urldate   = {2022-08-15},
  booktitle = {History of programming languages},
  publisher = {ACM},
  author    = {Ross, Douglas T.},
  editor    = {Wexelblat, Richard L.},
  month     = jun,
  year      = {1978},
  doi       = {10.1145/800025.1198374},
  pages     = {279--338}
}

@article{backus_report_1960,
  title    = {Report on the algorithmic language {ALGOL} 60},
  volume   = {3},
  issn     = {0001-0782, 1557-7317},
  url      = {https://dl.acm.org/doi/10.1145/367236.367262},
  doi      = {10.1145/367236.367262},
  language = {en},
  number   = {5},
  urldate  = {2022-08-16},
  journal  = {Communications of the ACM},
  author   = {Backus, J. W. and Bauer, F. L. and Green, J. and Katz, C. and McCarthy, J. and Perlis, A. J. and Rutishauser, H. and Samelson, K. and Vauquois, B. and Wegstein, J. H. and van Wijngaarden, A. and Woodger, M.},
  editor   = {Naur, Peter},
  month    = may,
  year     = {1960},
  pages    = {299--314}
}

@article{isoiec_149771996e_information_1996,
  title   = {Information {Technology} - {Syntactic} {Metalanguage} - {Extended} {BNF}},
  url     = {https://www.cl.cam.ac.uk/~mgk25/iso-14977.pdf},
  urldate = {2022-08-16},
  author  = {{ISO/IEC 14977:1996(E)}},
  year    = {1996}
}

@article{wirth_what_1977,
  title    = {What can we do about the unnecessary diversity of notation for syntactic definitions?},
  volume   = {20},
  issn     = {0001-0782, 1557-7317},
  url      = {https://dl.acm.org/doi/10.1145/359863.359883},
  doi      = {10.1145/359863.359883},
  language = {en},
  number   = {11},
  urldate  = {2022-08-16},
  journal  = {Communications of the ACM},
  author   = {Wirth, Niklaus},
  month    = nov,
  year     = {1977},
  pages    = {822--823}
}

@article{farrell_compiler_1995,
  title    = {Compiler {Basics}},
  url      = {http://www.cs.man.ac.uk/~pjj/farrell/compmain.html},
  language = {en},
  urldate  = {2022-08-16},
  author   = {Farrell, James Alan},
  month    = aug,
  year     = {1995},
  pages    = {7}
}

@book{tenopir_full_1990,
  address   = {New York},
  series    = {New directions in information management},
  title     = {Full text databases},
  isbn      = {978-0-313-26303-3},
  number    = {no. 21},
  publisher = {Greenwood Press},
  author    = {Tenopir, Carol and Ro, Jung Soon},
  year      = {1990},
  keywords  = {Database management, Text processing (Computer science)}
}

@misc{hirsz_logos_2022,
  title   = {Logos: {Create} ridiculously fast {Lexers}},
  url     = {https://github.com/maciejhirsz/logos},
  urldate = {2022-09-05},
  author  = {Hirsz, Maciej},
  month   = jun,
  year    = {2022}
}

@misc{ede_actix_2022,
  title   = {Actix {Web}: {A} powerful, pragmatic, and extremely fast web framework for {Rust}},
  url     = {https://github.com/actix/actix-web},
  urldate = {2022-09-14},
  author  = {Ede, Rob},
  month   = jan,
  year    = {2022}
}

@misc{prouillet_tera_2022,
  title     = {Tera: {A} template engine for {Rust} based on {Jinja2}/{Django}},
  copyright = {MIT},
  url       = {https://github.com/Keats/tera},
  urldate   = {2022-09-14},
  author    = {Prouillet, Vincent},
  month     = aug,
  year      = {2022},
  keywords  = {django, jinja2, rust-library, template-engine}
}

@misc{tolnay_serde_2017,
  title     = {Serde: {Serialization} framework for {Rust}},
  copyright = {Apache-2.0},
  url       = {https://github.com/serde-rs/serde},
  urldate   = {2022-09-15},
  publisher = {serde-rs},
  author    = {Tolnay, David and Tryzelaar, Erick},
  month     = apr,
  year      = {2017},
  keywords  = {derive, no-std, rust, serde}
}

@misc{tolnay_thiserror_2019,
  title     = {Thiserror: For struct and enum error types},
  copyright = {Apache-2.0},
  url       = {https://github.com/dtolnay/thiserror},
  urldate   = {2022-09-17},
  author    = {Tolnay, David},
  month     = oct,
  year      = {2019}
}

@misc{wikimedia_enwiki_2022,
  title   = {enwiki dump progress on 20220920},
  url     = {https://dumps.wikimedia.org/enwiki/20220920/},
  urldate = {2022-10-19},
  author  = {{Wikimedia}},
  month   = sep,
  year    = {2022}
}

@book{czarnecki_generative_2000,
  address    = {Boston},
  title      = {Generative programming: methods, tools, and applications},
  isbn       = {978-0-201-30977-5},
  shorttitle = {Generative programming},
  publisher  = {Addison Wesley},
  author     = {Czarnecki, Krzysztof and Eisenecker, Ulrich},
  year       = {2000},
  keywords   = {Generative programming (Computer science)}
}

@book{cleaveland_program_2001,
  address   = {Upper Saddle River, NJ},
  series    = {The {Charles} {F}. {Goldfarb} series on open information management},
  title     = {Program generators with {XML} and {Java}},
  isbn      = {978-0-13-025878-6},
  publisher = {Prentice Hall PTR},
  author    = {Cleaveland, Craig},
  year      = {2001},
  keywords  = {Generators (Computer programs), Java (Computer program language), XML (Document markup language)}
}

@article{sarkar_code_2001,
  title   = {Code generation using {XML} based document transformation},
  journal = {Published on The Server Sideâ€“Your J2EE Community},
  author  = {Sarkar, Soumen and Cleaveland, Craig},
  year    = {2001}
}
 